<collection xmlns="http://www.loc.gov/MARC21/slim">
<record>
  <leader>01449nam0a2200265 i 450 </leader>
  <controlfield tag="001">IT\ICCU\CNCE\076770</controlfield>
  <controlfield tag="005">20170209000000.0</controlfield>
  <datafield tag="012" ind1=" " ind2=" ">
    <subfield code="a">a-ar a-ra uso- rapl (3) 1542 (R)</subfield>
    <subfield code="2">fei</subfield>
  </datafield>
  <datafield tag="100" ind1=" " ind2=" ">
    <subfield code="a">20111017d1542        0itac0103    ba</subfield>
  </datafield>
  <datafield tag="101" ind1=" " ind2=" ">
    <subfield code="a">LAT</subfield>
  </datafield>
  <datafield tag="102" ind1=" " ind2=" ">
    <subfield code="a">IT</subfield>
  </datafield>
  <datafield tag="200" ind1="1" ind2=" ">
    <subfield code="a">Habes candide lector. Continentem Rasis Viri profecto in medicinali disciplina ... opus sane thesauro praevalens ac per clarissimum artium et medicinae doctorem magistrum Hieronymum Surianum ordinis Camaldulensis summa diligentia summoque studio emendatum, nec minori cura excusum</subfield>
  </datafield>
  <datafield tag="210" ind1=" " ind2=" ">
    <subfield code="a">Venetijs</subfield>
    <subfield code="d">1542</subfield>
    <subfield code="e">Venetijs</subfield>
    <subfield code="h">1542 mense Martio</subfield>
  </datafield>
  <datafield tag="215" ind1=" " ind2=" ">
    <subfield code="a">\8!, CCXCVIII, \3!, CCIC-CCCCCXII \i.e. 513!, C \i.e. 98!, \2! c.</subfield>
    <subfield code="d">fol</subfield>
  </datafield>
  <datafield tag="620" ind1=" " ind2=" ">
    <subfield code="a">IT</subfield>
    <subfield code="d">Venezia</subfield>
  </datafield>
  <datafield tag="700" ind1=" " ind2="1">
    <subfield code="a">Al-Razi,</subfield>
    <subfield code="b">Abu Bakr Muhammad ibn Zakariyya</subfield>
    <subfield code="3">IT\ICCU\CNCA\000131</subfield>
  </datafield>
  <datafield tag="702" ind1=" " ind2="1">
    <subfield code="a">Suriano,</subfield>
    <subfield code="b">Girolamo</subfield>
    <subfield code="3">IT\ICCU\CNCA\019456</subfield>
  </datafield>
  <datafield tag="712" ind1="0" ind2="2">
    <subfield code="a">s.n.</subfield>
    <subfield code="3">IT\ICCU\CNCT\000002</subfield>
    <subfield code="4">650</subfield>
  </datafield>
  <datafield tag="790" ind1=" " ind2="0">
    <subfield code="a">Rasis</subfield>
    <subfield code="3">IT\ICCU\CNCA\014847</subfield>
    <subfield code="z">Al-Razi, Abu Bakr Muhammad ibn Zakariyya</subfield>
  </datafield>
  <datafield tag="790" ind1=" " ind2="0">
    <subfield code="a">Raza</subfield>
    <subfield code="3">IT\ICCU\CNCA\014862</subfield>
    <subfield code="z">Al-Razi, Abu Bakr Muhammad ibn Zakariyya</subfield>
  </datafield>
  <datafield tag="790" ind1=" " ind2="0">
    <subfield code="a">Rhases</subfield>
    <subfield code="3">IT\ICCU\CNCA\014871</subfield>
    <subfield code="z">Al-Razi, Abu Bakr Muhammad ibn Zakariyya</subfield>
  </datafield>
  <datafield tag="790" ind1=" " ind2="1">
    <subfield code="a">Abu Bakr Muhammad ibn Zakariyya,</subfield>
    <subfield code="b">al-Razi</subfield>
    <subfield code="3">IT\ICCU\CNCA\014872</subfield>
    <subfield code="z">Al-Razi, Abu Bakr Muhammad ibn Zakariyya</subfield>
  </datafield>
  <datafield tag="790" ind1=" " ind2="1">
    <subfield code="a">Surianus,</subfield>
    <subfield code="b">Hieronymus</subfield>
    <subfield code="3">IT\ICCU\CNCA\025609</subfield>
    <subfield code="z">Suriano, Girolamo</subfield>
  </datafield>
  <datafield tag="801" ind1=" " ind2="3">
    <subfield code="a">IT</subfield>
    <subfield code="b">ICCU</subfield>
    <subfield code="c">20201115</subfield>
  </datafield>
  <datafield tag="899" ind1=" " ind2=" ">
    <subfield code="a">Biblioteca Estense Universitaria. Modena</subfield>
    <subfield code="1">MO0089</subfield>
    <subfield code="2">MOD BE</subfield>
  </datafield>
</record>
</collection>
